@online{flaticon,
  title    = {{Flaticon}},
  author   = {{Flaticon authors}},
  url      = {https://www.flaticon.es/home},
  language = {English},
  note     = {[Online; visitat 28-Octubre-2021]}
}

@online{camera_rasp,
  title    = {{Raspberry Pi High Quality Camera}},
  author   = {{Raspberry Pi Foundation}},
  url      = {https://www.raspberrypi.org/products/raspberry-pi-high-quality-camera/?resellerType=home},
  language = {English},
  note     = {[Online; visitat 19-Novembre-2021]}
}

@online{raspberry_Pi,
  title    = {{Raspberry Pi 4}},
  author   = {{Raspberry Pi Foundation}},
  url      = {https://www.raspberrypi.org/products/raspberry-pi-4-model-b/?resellerType=home},
  language = {English},
  note     = {[Online; visitat 19-Novembre-2021]}
}

@online{laravel,
  title    = {{Laravel-The PHP Framework for Web Artisans}},
  author   = {{Laravel}},
  url      = {https://laravel.com/},
  language = {English},
  note     = {[Online; visitat 7-Desembre-2021]}
}

@online{nextjs,
  title    = {{NextJS-The React Framework for prodiction}},
  author   = {{Vercel}},
  url      = {https://nextjs.org/},
  language = {English},
  note     = {[Online; visitat 7-Desembre-2021]}
}

@online{react,
  title    = {{ReactJS-A JavaScript library for building user interfaces}},
  author   = {{Jordan Walke}},
  url      = {https://reactjs.org},
  language = {English},
  note     = {[Online; visitat 7-Desembre-2021]}
}

@online{heroicons,
  title    = {{Heroicons-SVG icons}},
  author   = {{Tailwind CSS}},
  url      = {https://heroicons.com/},
  language = {English},
  note     = {[Online; visitat 7-Desembre-2021]}
}

@online{tailwind,
  title    = {{Tailwind CSS-A utility-first CSS framework}},
  author   = {{Adam Wathan, Steve Schoger}},
  url      = {https://tailwindcss.com/},
  language = {English},
  note     = {[Online; visitat 7-Desembre-2021]}
}

@online{pusher,
  title    = {{Pusher-Powering realtime experiences for mobile and web}},
  author   = {{Pusher}},
  url      = {https://pusher.com},
  language = {English},
  note     = {[Online; visitat 13-Abril-2021]}
}

@online{swr,
  title    = {{SWR (stale-while-revalidate)-React Hooks for Data Fetching}},
  author   = {{Vercel}},
  url      = {https://swr.vercel.app},
  language = {English},
  note     = {[Online; visitat 22-Març-2021]}
}

@online{axios,
  title    = {{Axios}},
  author   = {{Axios}},
  url      = {https://github.com/axios/axios},
  language = {English},
  note     = {[Online; visitat 22-Març-2021]}
}

@online{css_Icons,
  title    = {{Open-source CSS, SVG and Figma UI Icons}},
  author   = {{Astrit}},
  url      = {https://css.gg/app},
  language = {English},
  note     = {[Online; visitat Març-2021]}
}

@online{mvc,
  title    = {{Arquitectura MVC (model, vista, controlador}},
  author   = {{Vikipèdia}},
  url      = {https://ca.wikipedia.org/wiki/Model-Vista-Controlador},
  language = {Català},
  note     = {[Online; visitat 30-Abril-2022]}
}

@online{maq_estats,
  title    = {{Definició Autòmat finit}},
  author   = {{Enciclopedia}},
  url      = {https://www.enciclopedia.cat/gran-enciclopedia-catalana/automat-finit},
  language = {Català},
  note     = {[Online; visitat 30-Abril-2022]}
}

@online{estadistiques_backend,
  title    = {{Most Popular Backend Frameworks – 2012/2021}},
  author   = {{Support "Statistics and Data"}},
  url      = {https://statisticsanddata.org/data/most-popular-backend-frameworks-2012-2021/},
  language = {English},
  note     = {[Online; visitat 30-Abril-2022]}
}

@online{validacio_dades_laravel,
  title    = {{Laravel - Validations}},
  author   = {{Laravel}},
  url      = {https://laravel.com/docs/9.x/validation#quick-creating-the-controller},
  language = {English},
  note     = {[Online; visitat 30-Abril-2022]}
}

@online{auth_laravel,
  title    = {{Laravel - Authentication}},
  author   = {{Laravel}},
  url      = {https://laravel.com/docs/9.x/authentication},
  language = {English},
  note     = {[Online; visitat 30-Abril-2022]}
}

@online{migrations_laravel,
  title    = {{Laravel - Migrations}},
  author   = {{Laravel}},
  url      = {https://laravel.com/docs/9.x/migrations},
  language = {English},
  note     = {[Online; visitat 30-Abril-2022]}
}

@online{eloquent_laravel,
  title    = {{Laravel - Eloquent}},
  author   = {{Laravel}},
  url      = {https://laravel.com/docs/9.x/eloquent},
  language = {English},
  note     = {[Online; visitat 30-Abril-2022]}
}

@online{resources_laravel,
  title    = {{Laravel - Eloquent: API Resources}},
  author   = {{Laravel}},
  url      = {https://laravel.com/docs/9.x/eloquent-resources},
  language = {English},
  note     = {[Online; visitat 30-Abril-2022]}
}

@online{cashier_laravel,
  title    = {{Laravel Cashier (Stripe)}},
  author   = {{Laravel}},
  url      = {https://laravel.com/docs/9.x/billing},
  language = {English},
  note     = {[Online; visitat 30-Abril-2022]}
}

@online{sanctum_laravel,
  title    = {{Laravel Sanctum}},
  author   = {{Laravel}},
  url      = {https://laravel.com/docs/9.x/sanctum},
  language = {English},
  note     = {[Online; visitat 30-Abril-2022]}
}

@online{http_406_response,
  title    = {{406 Not Acceptable}},
  author   = {{MDN Web Docs}},
  url      = {https://developer.mozilla.org/en-US/docs/Web/HTTP/Status/406},
  language = {English},
  note     = {[Online; visitat 1-Maig-2022]}
}

@online{http_403_response,
  title    = {{403 Forbidden}},
  author   = {{MDN Web Docs}},
  url      = {https://developer.mozilla.org/en-US/docs/Web/HTTP/Status/403},
  language = {English},
  note     = {[Online; visitat 1-Maig-2022]}
}

@online{http_204_response,
  title    = {{204 No Content}},
  author   = {{MDN Web Docs}},
  url      = {https://developer.mozilla.org/en-US/docs/Web/HTTP/Status/204},
  language = {English},
  note     = {[Online; visitat 1-Maig-2022]}
}

@online{lar_single_action_controllers,
  title    = {{Laravel - single action controllers}},
  author   = {{Laravel}},
  url      = {https://laravel.com/docs/9.x/controllers#single-action-controllers},
  language = {English},
  note     = {[Online; visitat 1-Maig-2022]}
}

@online{stripe,
  title    = {{Stripe-Infraestructura de pagos para Internet}},
  author   = {{Stripe}},
  url      = {https://stripe.com/es},
  language = {English},
  note     = {[Online; visitat 1-Maig-2022]}
}

@online{cashier_laravel_checkouts,
  title    = {{Laravel Cashier (Stripe) - Checkouts}},
  author   = {{Laravel}},
  url      = {https://laravel.com/docs/9.x/billing#product-checkouts},
  language = {English},
  note     = {[Online; visitat 1-Maig-2022]}
}

@online{middleware_laravel,
  title    = {{Laravel - Middleware}},
  author   = {{Laravel}},
  url      = {https://laravel.com/docs/9.x/middleware#main-content},
  language = {English},
  note     = {[Online; visitat 1-Maig-2022]}
}

@online{testing_laravel,
  title    = {{Laravel - Testing}},
  author   = {{Laravel}},
  url      = {https://laravel.com/docs/9.x/testing#main-content},
  language = {English},
  note     = {[Online; visitat 1-Maig-2022]}
}

@online{list_cards,
  title    = {{Cards by brand}},
  author   = {{Stripe}},
  url      = {https://stripe.com/docs/testing#cards},
  language = {English},
  note     = {[Online; visitat 2-Maig-2022]}
}

@online{telpark,
  title    = {{Telpark}},
  author   = {{Telpark}},
  url      = {https://www.telpark.com/como-funciona/},
  language = {Castellà},
  note     = {[Online; visitat 2-Maig-2022]}
}

@online{parkingdoor,
  title    = {{Parkingdoor}},
  author   = {{Parkingdoor}},
  url      = {https://parkingdoor.com/},
  language = {Castellà},
  note     = {[Online; visitat 2-Maig-2022]}
}

@online{el_parking,
  title    = {{El Parking}},
  author   = {{El Parking}},
  url      = {https://elparking.com/ca/parkings},
  language = {Català},
  note     = {[Online; visitat 2-Maig-2022]}
}

@online{requests,
  title    = {{Requests: HTTP for Humans}},
  author   = {{Comunity GitHub}},
  url      = {https://docs.python-requests.org/en/latest/},
  language = {English},
  note     = {[Online; visitat 2-Maig-2022]}
}

@online{enum_python,
  title    = {{enum — Support for enumerations}},
  author   = {{Python}},
  url      = {https://docs.python.org/3/library/enum.html},
  language = {English},
  note     = {[Online; visitat 2-Maig-2022]}
}

@online{sleep_python,
  title    = {{Python sleep()}},
  author   = {{Programiz}},
  url      = {https://www.programiz.com/python-programming/time/sleep},
  language = {English},
  note     = {[Online; visitat 2-Maig-2022]}
}

@online{gpio_rasp,
  title    = {{RPi.GPIO}},
  author   = {{Ben Croston}},
  url      = {https://pypi.org/project/RPi.GPIO/},
  language = {English},
  note     = {[Online; visitat 2-Maig-2022]}
}

@online{cv2,
  title    = {{opencv-python}},
  author   = {{Olli-Pekka Heinisuo}},
  url      = {https://pypi.org/project/opencv-python/},
  language = {English},
  note     = {[Online; visitat 2-Maig-2022]}
}

@online{pyzbar,
  title    = {{pyzbar}},
  author   = {{Lawrence Hudson}},
  url      = {https://pypi.org/project/pyzbar/},
  language = {English},
  note     = {[Online; visitat 2-Maig-2022]}
}

@online{sweetalert2,
  title    = {{SweetAlet2-A POPUP BOXES}},
  author   = {{SweetAlet2}},
  url      = {https://sweetalert2.github.io/},
  language = {English},
  note     = {[Online; visitat 2-Maig-2022]}
}

@online{classnames,
  title    = {{Classnames-A simple javascript utility for conditionally joining classNames together}},
  author   = {{jedwatson}},
  url      = {https://jedwatson.github.io/classnames/},
  language = {English},
  note     = {[Online; visitat 3-Maig-2022]}
}

@online{dayjs,
  title    = {{Day.js - JavaScript date utility library}},
  author   = {{dayjs}},
  url      = {https://day.js.org/},
  language = {English},
  note     = {[Online; visitat 3-Maig-2022]}
}

@online{react_qr_code,
  title    = {{React QR Code}},
  author   = {{rosskhanas}},
  url      = {https://www.npmjs.com/package/react-qr-code},
  language = {English},
  note     = {[Online; visitat 3-Maig-2022]}
}

@online{man_iptables,
  title    = {{Manual Iptables}},
  author   = {{Rusty Russell}},
  url      = {https://linux.die.net/man/8/iptables},
  language = {English},
  note     = {[Online; visitat 3-Maig-2022]}
}

@online{lent_rpi,
  title    = {{LENTE FIJA 6MM MONTURA CS}},
  author   = {{tiendatec}},
  url      = {https://www.tiendatec.es/raspberry-pi/camaras/1191-lente-fija-6mm-montura-cs-para-camara-hq-raspberry-pi-8472496016551.html},
  language = {Castellà},
  note     = {[Online; visitat 24-Novembre-2021]}
}

@online{hooks_react,
  title    = {{Hooks}},
  author   = {{React}},
  url      = {https://reactjs.org/docs/hooks-reference.html},
  language = {English},
  note     = {[Online; visitat 5-Maig-2021]}
}